
@article{mendelberg2014,
	title = {Gender Inequality in Deliberation: Unpacking the Black Box of Interaction},
	author = {Mendelberg, Tali and Karpowitz, Christopher F. and Oliphant, J. Baxter},
	year = {2014},
	month = {03},
	date = {2014-03},
	journal = {Perspectives on Politics},
	pages = {18--44},
	volume = {12},
	number = {1},
	doi = {10.1017/S1537592713003691},
	url = {https://www.cambridge.org/core/product/identifier/S1537592713003691/type/journal_article},
	langid = {en}
}

@article{kenworthy2005,
	title = {Rising Inequality and the Politics of Redistribution in Affluent Countries},
	author = {Kenworthy, Lane and Pontusson, Jonas},
	year = {2005},
	month = {09},
	date = {2005-09},
	journal = {Perspectives on Politics},
	volume = {3},
	number = {03},
	doi = {10.1017/S1537592705050292},
	url = {http://www.journals.cambridge.org/abstract_S1537592705050292},
	langid = {en}
}

@article{butler2011,
	title = {Do Politicians Racially Discriminate Against Constituents? A Field Experiment on State Legislators},
	author = {Butler, Daniel M. and Broockman, David E.},
	year = {2011},
	date = {2011},
	journal = {American Journal of Political Science},
	pages = {463--477},
	volume = {55},
	number = {3},
	doi = {10.1111/j.1540-5907.2011.00515.x},
	url = {https://onlinelibrary.wiley.com/doi/abs/10.1111/j.1540-5907.2011.00515.x},
	note = {{\_}eprint: https://onlinelibrary.wiley.com/doi/pdf/10.1111/j.1540-5907.2011.00515.x},
	langid = {en}
}

@article{aytaç2017,
	title = {Protests and Repression in New Democracies},
	author = {{Aytaç}, S. Erdem and Schiumerini, Luis and Stokes, Susan},
	year = {2017},
	month = {03},
	date = {2017-03},
	journal = {Perspectives on Politics},
	pages = {62--82},
	volume = {15},
	number = {1},
	doi = {10.1017/S1537592716004138},
	url = {https://www.cambridge.org/core/product/identifier/S1537592716004138/type/journal_article},
	langid = {en}
}

@article{broockman2024,
	title = {The manifold effects of partisan media on viewers{\textquoteright} beliefs and attitudes: A field experiment with Fox News viewers},
	author = {Broockman, David and Kalla, Joshua},
	year = {forthcoming},
	date = {2024},
	journal = {Journal of Politics}
}

@article{page1979,
	title = {Reciprocal Effects of Policy Preferences, Party Loyalties and the Vote},
	author = {Page, Benjamin I. and Jones, Calvin C.},
	year = {1979},
	date = {1979},
	journal = {The American Political Science Review},
	pages = {1071--1089},
	volume = {73},
	number = {4},
	doi = {10.2307/1953990},
	url = {https://www.jstor.org/stable/1953990},
	note = {Publisher: [American Political Science Association, Cambridge University Press]}
}

@article{markus1979,
	title = {A Dynamic Simultaneous Equation Model of Electoral Choice},
	author = {Markus, Gregory B. and Converse, Philip E.},
	year = {1979},
	date = {1979},
	journal = {The American Political Science Review},
	pages = {1055--1070},
	volume = {73},
	number = {4},
	doi = {10.2307/1953989},
	url = {https://www.jstor.org/stable/1953989},
	note = {Publisher: [American Political Science Association, Cambridge University Press]}
}

@article{lohmann1994,
	title = {The Dynamics of Informational Cascades: The Monday Demonstrations in Leipzig, East Germany, 1989{\textendash}91},
	author = {Lohmann, Susanne},
	year = {1994},
	month = {10},
	date = {1994-10-01},
	journal = {World Politics},
	pages = {42--101},
	volume = {47},
	number = {1},
	doi = {10.2307/2950679},
	note = {DOI: 10.2307/2950679
MAG ID: 2047060383
S2ID: 0ccd03374ce33b3d4e65cfad2ae96e8d3e09d122}
}

@article{pearlman2013,
	title = {Emotions and the Microfoundations of the Arab Uprisings},
	author = {Pearlman, Wendy},
	year = {2013},
	month = {06},
	date = {2013-06-01},
	journal = {Perspectives on Politics},
	pages = {387--409},
	volume = {11},
	number = {2},
	doi = {10.1017/s1537592713001072},
	note = {DOI: 10.1017/s1537592713001072
MAG ID: 2077773863
S2ID: e3d326f69809e548d8b9a1674874d584073794e9}
}

@article{larson2019,
	title = {Social Networks and Protest Participation: Evidence from 130 Million Twitter Users},
	author = {Larson, Jennifer M. and Nagler, Jonathan and Ronen, Jonathan and Tucker, Joshua A.},
	year = {2019},
	date = {2019},
	journal = {American Journal of Political Science},
	pages = {690--705},
	volume = {63},
	number = {3},
	doi = {10.1111/ajps.12436},
	note = {DOI: 10.1111/ajps.12436
MAG ID: 3121228507
S2ID: bc7c1599d012a140ab3b0c4e1fc58967163bfcfc}
}

@article{boulianne2022,
	title = {Conspiracy Beliefs, Misinformation, Social Media Platforms, and Protest Participation},
	author = {Boulianne, Shelley and Sangwon Lee, },
	year = {2022},
	month = {10},
	date = {2022-10-03},
	journal = {Media and Communication},
	volume = {10},
	number = {4},
	doi = {10.17645/mac.v10i4.5667},
	note = {DOI: 10.17645/mac.v10i4.5667
MAG ID: 4300427335
S2ID: b47dc8e0fc52ead0238b34e9fe302e2b768a5abf}
}

@article{cantoni2019,
	title = {Protests as Strategic Games: Experimental Evidence from Hong Kong's Antiauthoritarian Movement*},
	author = {Cantoni, Davide and Yang, David Y and Yuchtman, Noam and Zhang, Y Jane},
	year = {2019},
	month = {05},
	date = {2019-05-01},
	journal = {The Quarterly Journal of Economics},
	pages = {1021--1077},
	volume = {134},
	number = {2},
	doi = {10.1093/qje/qjz002},
	url = {https://doi.org/10.1093/qje/qjz002}
}

@article{steinert-threlkeld2017,
	title = {Spontaneous Collective Action: Peripheral Mobilization During the Arab Spring},
	author = {Steinert-Threlkeld, Zachary C.},
	year = {2017},
	month = {04},
	date = {2017-04-19},
	journal = {American Political Science Review},
	pages = {379--403},
	volume = {111},
	number = {2},
	doi = {10.1017/s0003055416000769},
	note = {DOI: 10.1017/s0003055416000769
MAG ID: 2607318648}
}

@article{young2019,
	title = {The Psychology of State Repression: Fear and Dissent Decisions in Zimbabwe},
	author = {Young, Lauren E.},
	year = {2019},
	month = {02},
	date = {2019-02},
	journal = {American Political Science Review},
	pages = {140--155},
	volume = {113},
	number = {1},
	doi = {10.1017/S000305541800076X},
	url = {https://www.cambridge.org/core/journals/american-political-science-review/article/psychology-of-state-repression-fear-and-dissent-decisions-in-zimbabwe/3F1E1A2B675D4137C7CA8B4162FDE544},
	note = {Publisher: Cambridge University Press},
	langid = {en}
}

@article{bursztyn2021,
  title={Persistent political engagement: Social interactions and the dynamics of protest movements},
  author={Bursztyn, Leonardo and Cantoni, Davide and Yang, David Y and Yuchtman, Noam and Zhang, Y Jane},
  journal={American Economic Review: Insights},
  volume={3},
  number={2},
  pages={233--250},
  year={2021},
  publisher={American Economic Association 2014 Broadway, Suite 305, Nashville, TN 37203}
}

@article{peisakhin2018,
	title = {Electoral effects of biased media: Russian television in Ukraine},
	author = {Peisakhin, Leonid and Rozenas, Arturas},
	year = {2018},
	date = {2018},
	journal = {American Journal of Political Science},
	pages = {535{\textendash}550},
	volume = {62},
	number = {3},
	note = {Publisher: Wiley Online Library}
}

@article{korovkin2023,
	title = {Conflict and Intergroup Trade: Evidence from the 2014 Russia-Ukraine Crisis},
	author = {Korovkin, Vasily and Makarin, Alexey},
	year = {2023},
	month = {01},
	date = {2023-01},
	journal = {American Economic Review},
	pages = {34--70},
	volume = {113},
	number = {1},
	doi = {10.1257/aer.20191701},
	url = {https://www.aeaweb.org/articles?id=10.1257/aer.20191701},
	langid = {en}
}

@article{healy2010,
	title = {Irrelevant events affect voters' evaluations of government performance},
	author = {Healy, Andrew J. and Malhotra, Neil and Mo, Cecilia Hyunjung},
	year = {2010},
	date = {2010},
	journal = {Proceedings of the National Academy of Sciences},
	pages = {12804{\textendash}12809},
	volume = {107},
	number = {29},
	note = {Publisher: National Acad Sciences}
}

@article{fowler2015,
	title = {College football, elections, and false-positive results in observational research},
	author = {Fowler, Anthony and Montagnes, B. Pablo},
	year = {2015},
	month = {11},
	date = {2015-11-10},
	journal = {Proceedings of the National Academy of Sciences},
	pages = {13800--13804},
	volume = {112},
	number = {45},
	doi = {10.1073/pnas.1502615112},
	url = {https://pnas.org/doi/full/10.1073/pnas.1502615112},
	langid = {en}
}

@article{king2014,
	title = {Reverse-engineering censorship in China: Randomized experimentation and participant observation},
	author = {King, Gary and Pan, Jennifer and Roberts, Margaret E.},
	year = {2014},
	month = {08},
	date = {2014-08-22},
	journal = {Science},
	pages = {1251722},
	volume = {345},
	number = {6199},
	doi = {10.1126/science.1251722},
	url = {https://www.science.org/doi/10.1126/science.1251722},
	langid = {en}
}

@article{hainmueller2015,
	title = {The Hidden American Immigration Consensus: A Conjoint Analysis of Attitudes toward Immigrants},
	author = {Hainmueller, Jens and Hopkins, Daniel J.},
	year = {2015},
	date = {2015},
	journal = {American Journal of Political Science},
	pages = {529--548},
	volume = {59},
	number = {3},
	doi = {10.1111/ajps.12138},
	url = {https://onlinelibrary.wiley.com/doi/abs/10.1111/ajps.12138},
	note = {{\_}eprint: https://onlinelibrary.wiley.com/doi/pdf/10.1111/ajps.12138},
	langid = {en}
}

@book{dunning2012,
	title = {Natural experiments in the social sciences: A design-based approach},
	author = {Dunning, Thad},
	year = {2012},
	date = {2012},
	publisher = {Cambridge University Press}
}

@article{acemoglu2001,
	title = {The colonial origins of comparative development: An empirical investigation},
	author = {Acemoglu, Daron and Johnson, Simon and Robinson, James A.},
	year = {2001},
	date = {2001},
	journal = {American economic review},
	pages = {1369{\textendash}1401},
	volume = {91},
	number = {5},
	note = {Publisher: American Economic Association}
}

@article{hall2015,
	title = {What Happens When Extremists Win Primaries?},
	author = {Hall, Andrew B.},
	year = {2015},
	month = {02},
	date = {2015-02},
	journal = {American Political Science Review},
	pages = {18--42},
	volume = {109},
	number = {1},
	doi = {10.1017/S0003055414000641},
	url = {https://www.cambridge.org/core/product/identifier/S0003055414000641/type/journal_article},
	langid = {en}
}

@article{foos2022,
	title = {Tabloid media campaigns and public opinion: Quasi-experimental evidence on Euroscepticism in England},
	author = {Foos, Florian and Bischof, Daniel},
	year = {2022},
	date = {2022},
	journal = {American Political Science Review},
	pages = {19{\textendash}37},
	volume = {116},
	number = {1},
	note = {Publisher: Cambridge University Press}
}

@article{cleveland1984,
	title = {Graphical Perception: Theory, Experimentation, and Application to the Development of Graphical Methods},
	author = {Cleveland, William S. and McGill, Robert},
	year = {1984},
	month = {09},
	date = {1984-09-01},
	journal = {Journal of the American Statistical Association},
	pages = {531--554},
	volume = {79},
	number = {387},
	doi = {10.1080/01621459.1984.10478080},
	url = {https://www.tandfonline.com/doi/abs/10.1080/01621459.1984.10478080},
	note = {Publisher: Taylor & Francis
{\_}eprint: https://www.tandfonline.com/doi/pdf/10.1080/01621459.1984.10478080}
}

@inproceedings{heer2010,
  title={Crowdsourcing graphical perception: using mechanical turk to assess visualization design},
  author={Heer, Jeffrey and Bostock, Michael},
  booktitle={Proceedings of the SIGCHI conference on human factors in computing systems},
  pages={203--212},
  year={2010}
}

@article{davis2022,
	title = {The Risks of Ranking: Revisiting Graphical Perception to Model Individual Differences in Visualization Performance},
	author = {Davis, Russell and Pu, Xiaoying and Ding, Yiren and Hall, Brian D. and Bonilla, Karen and Feng, Mi and Kay, Matthew and Harrison, Lane},
	year = {2022},
	date = {2022},
	journal = {IEEE Transactions on Visualization and Computer Graphics},
	pages = {1--16},
	doi = {10.1109/TVCG.2022.3226463},
	url = {http://arxiv.org/abs/2212.10533},
	note = {arXiv:2212.10533 [cs]}
}

@book{munzner2014visualization,
  title={Visualization analysis and design},
  author={Munzner, Tamara},
  year={2014},
  publisher={CRC press}
}

@unpublished{hewitt2024predicting,
  title={Predicting Results of Social Science Experiments Using Large Language Models},
  author={Luke Hewitt and Ashwini Ashokkumar and Isaias Ghezae and Robb Wille},
  note={Working paper},
  year={2024},
  institution={},
}

@article{bisbee2023synthetic,
  title={Synthetic replacements for human survey data? The perils of large language models},
  author={Bisbee, James and Clinton, Joshua D and Dorff, Cassy and Kenkel, Brenton and Larson, Jennifer M},
  journal={Political Analysis},
  pages={1--16},
  year={2023},
  publisher={Cambridge University Press}
}

@article{breznau2022observing,
  title={Observing many researchers using the same data and hypothesis reveals a hidden universe of uncertainty},
  author={Breznau, Nate and Rinke, Eike Mark and Wuttke, Alexander and Nguyen, Hung HV and Adem, Muna and Adriaans, Jule and Alvarez-Benjumea, Amalia and Andersen, Henrik K and Auer, Daniel and Azevedo, Flavio and others},
  journal={Proceedings of the National Academy of Sciences},
  volume={119},
  number={44},
  pages={e2203150119},
  year={2022},
  publisher={National Acad Sciences}
}

@article{protzko2024high,
  title={High replicability of newly discovered social-behavioural findings is achievable},
  author={Protzko, John and Krosnick, Jon and Nelson, Leif and Nosek, Brian A and Axt, Jordan and Berent, Matt and Buttrick, Nicholas and DeBell, Matthew and Ebersole, Charles R and Lundmark, Sebastian and others},
  journal={Nature Human Behaviour},
  volume={8},
  number={2},
  pages={311--319},
  year={2024},
  publisher={Nature Publishing Group UK London}
}